<?xml version="1.0" encoding="UTF-8"?><collection xmlns="http://www.loc.gov/MARC21/slim"><record><leader>00380nam--2200133-i-4500</leader><controlfield tag="001">000045274</controlfield><controlfield tag="002">20161230</controlfield><controlfield tag="005">20170101230427</controlfield><controlfield tag="008">060222s1000------------r-----000-0-eng-d</controlfield><datafield ind1=" " ind2=" " tag="245"><subfield code="a">Transistor fundamentals. vol.2: basic transistor circuits</subfield></datafield><datafield ind1=" " ind2=" " tag="260"><subfield code="a">Slough, Bucks, W.Foulsham &amp; Co., Ltd., 1968, 208p</subfield></datafield><datafield ind1=" " ind2=" " tag="700"><subfield code="a">Pike, Charlesa</subfield></datafield><datafield ind1=" " ind2=" " tag="852"><subfield code="a">34816</subfield></datafield><datafield ind1=" " ind2=" " tag="CAT"><subfield code="a">SYS</subfield><subfield code="c">20170101</subfield><subfield code="h">230427</subfield></datafield></record></collection>